
@article{zhang1999,
  author        = "S. Zhang and C. Zhu and J. K. O. Sin and P. K. T. Mok",
  title         = "A Novel Ultrathin Elevated Channel Low-temperature 
                   Poly-{Si} {TFT}",
  journal       = IEEE_J_EDL,
  volume        = "20",
  month         = nov,
  year          = "1999",
  pages         = "569-571"
}


@inproceedings{mikkelsen1999,
  author        = "B. Mikkelsen and G. Raybon and R.-J. Essiambre and
                   K. Dreyer and Y. Su. and L. E. Nelson and J. E. Johnson
                   and G. Shtengel and A. Bond and D. G. Moodie and
                   A. D. Ellis",
  title         = "160 {Gbit/s} Single-channel Transmission Over 300 km 
                   Nonzero-dispersion Fiber With Semiconductor Based
                   Transmitter and Demultiplexer",
  booktitle     = "Proc. {ECOC}'99",
  year          = "1999",
  paper         = "2-3",
  type          = "postdeadline paper",
  pages         = "28-29"
}


