@online{javamail,
  author		= "John Mani and Bill Shannon and Kanwar Oberoi",
  title			= "JavaTM Platform, Enterprise Edition 6 API Specification",
  url			= "https://docs.oracle.com/javaee/6/api/javax/mail/internet/MimeBodyPart.html",
  addendum		= "(accessed: 14.11.2018)",
  keywords		= "javamail"
}

@online{email,
  author		= "Marshall Brain and Tim Crosby",
  title			= "How E-mail Works",
  url			= "https://computer.howstuffworks.com/e-mail-messaging/email.htm",
  addendum		= "(accessed: 14.11.2018)",
  keywords		= "smtp, pop3, imap"
}

@online{mailWithJavamail,
  author		= "Pankaj",
  title			= "JavaMail Example â€“ Send Mail in Java using SMTP",
  url			= "https://www.journaldev.com/2532/javamail-example-send-mail-in-java-smtp",
  addendum		= "(accessed: 14.11.2018)",
  keywords		= "smtp"
}